<?xml version="1.0" encoding="UTF-8"?><collection xmlns="http://www.loc.gov/MARC21/slim"><record><leader>00435nam--2200145-i-4500</leader><controlfield tag="001">000041700</controlfield><controlfield tag="002">20161230</controlfield><controlfield tag="005">20161230201043</controlfield><controlfield tag="008">060222s1000------------r-----000-0-eng-d</controlfield><datafield ind1=" " ind2=" " tag="080"><subfield code="a">517.8</subfield></datafield><datafield ind1=" " ind2=" " tag="100"><subfield code="a">Simson,Daniel And Tyc,Andrzej</subfield></datafield><datafield ind1=" " ind2=" " tag="245"><subfield code="a">Connected sequences of stable derived functors and their applications</subfield></datafield><datafield ind1=" " ind2=" " tag="260"><subfield code="a">Warsawa, Panstwowe Wydawnictwo Naukowe, 1974. 71 P</subfield></datafield><datafield ind1=" " ind2=" " tag="490"><subfield code="a">Dissertationes Mathematicae</subfield></datafield><datafield ind1=" " ind2=" " tag="852"><subfield code="a">7385</subfield></datafield></record></collection>